@misc{DockerSite,
	Howpublished = {Docker website, \url{https://www.docker.com/}}}

@misc{DockerGithub,
	Howpublished = {Docker on Github, \url{https://github.com/docker/docker}}}

@misc{GoWikipedia,
	Howpublished = {Go in Wikipedia, \url{https://en.wikipedia.org/wiki/Go_(programming_language)}}}

@misc{LXC,
	Howpublished = {Introduction to Linux containers, \url{https://linuxcontainers.org/}}}

@misc{GoSite,
	Howpublished = {Go website, \url{https://golang.org/}}}

@misc{JavaWikipedia,
	Howpublished = {Java in Wikipedia, \url{https://en.wikipedia.org/wiki/Java_(programming_language)}}}

@misc{JavaType,
	Howpublished = {Course material: introduction to Java type system, \url{http://www.ccs.neu.edu/home/riccardo/courses/csu370-fa07/lect4.pdf}}}

@misc{GopherCon2014,
	Howpublished = {GopherCon 2014 Making Docker GO: Why One of the Fastest Growing Open Source Projects, \url{https://www.youtube.com/watch?v=i26SYvVu1nw}}}

@misc{PythonStronglyTyped,
	Howpublished = {Why is Python a dynamic language and also a strongly typed language, \url{https://wiki.python.org/moin/Why%20is%20Python%20a%20dynamic%20language%20and%20also%20a%20strongly%20typed%20language}}}

@misc{PythonWikipedia,
	Howpublished = {Python in Wikipedia, \url{https://en.wikipedia.org/wiki/Python_(programming_language)}}}

@misc{ZenPython,
	Howpublished = {The Zen of Python, \url{https://www.python.org/dev/peps/pep-0020/}}}

@misc{ScalaTypes,
	Howpublished = {Types in Scala, \url{https://twitter.github.io/scala_school/type-basics.html}}}

@misc{Scala,
	Howpublished = {An introduction of Scala, \url{http://www.scala-lang.org/what-is-scala.html}}}
