@misc{TwistedSite,
	Howpublished = {Twisted website, \url{https://twistedmatrix.com/trac/}}}

@misc{AssignmentSite,
	Howpublished = {Fall 2015 CS 131 project description, \url{http://web.cs.ucla.edu/classes/fall15/cs131/hw/pr.html}}}

@misc{TwistedThreads,
	Howpublished = {Threads in Twisted, \url{http://Twistedmatrix.com/documents/13.1.0/core/howto/threading.html.}}}

@misc{PythonGIL,
	Howpublished = {Python GIL, \url{https://wiki.python.org/moin/GlobalInterpreterLock}}}

@misc{JSClass,
	Howpublished = {ECMAScript 6 class, \url{https://developer.mozilla.org/en-US/docs/Web/JavaScript/Reference/Classes}}}

@misc{XMPP,
	Howpublished = {RFC6120, XMPP, \url{https://tools.ietf.org/html/rfc6120}}}

@misc{NodeJSClaim,
	Howpublished = {Twisted to Node.JS, \url{https://journal.paul.querna.org/articles/2011/12/18/the-switch-python-to-node-js/}}}

@misc{NDNCCLDoc,
	Howpublished = {NDN common client libraries, \url{http://named-data.net/codebase/platform/ndn-ccl/}}}

	